%% This BibTeX bibliography file was created using BibDesk.
%% http://bibdesk.sourceforge.net/

%% Created for Peng Ding at 2021-12-03 00:31:17 -0800 


%% Saved with string encoding Unicode (UTF-8) 


@comment{jabref-meta: databaseType:bibtex;}



@article{guo2021generalized,
	author = {Guo, K. and Basse, G.},
	date-added = {2021-12-03 00:28:40 -0800},
	date-modified = {2021-12-03 00:29:07 -0800},
	journal = {Journal of the American Statistical Association},
	pages = {in press},
	title = {{The generalized Oaxaca--Blinder estimator}},
	year = {2021}}

@article{liu2021randomizationbased,
	author = {Liu, H. and Ren, J. and Yang, Y.},
	journal = {Technical report, arXiv},
	title = {Randomization-based joint central limit theorem and efficient covariate adjustment in stratified {$2^K$} factorial experiments},
	year = {2021}}

@article{liu2020regression,
	author = {Liu, H. and Yang, Y.},
	journal = {Biometrika},
	pages = {935--948},
	title = {Regression-adjusted average treatment effect estimates in stratified randomized experiments},
	volume = {107},
	year = {2020}}

@article{bugni2018inference,
	author = {Bugni, F. A. and Canay, I. A. and Shaikh, A. M.},
	date-added = {2020-11-05 14:08:45 -0800},
	date-modified = {2020-11-05 14:09:04 -0800},
	journal = {Journal of the American Statistical Association},
	pages = {1784--1796},
	title = {Inference under covariate-adaptive randomization},
	volume = {113},
	year = {2018}}

@article{bugni2019,
	author = {Bugni, F. A. and Canay, I. A. and Shaikh, A. M.},
	date-modified = {2021-04-29 13:20:01 -0700},
	journal = {Quantitative Economics},
	pages = {1747-1785},
	title = {Inference under covariate-adaptive randomization with multiple treatments},
	volume = {10},
	year = {2019}}

@article{fuller2009some,
	author = {Fuller, W. A.},
	date-added = {2021-11-28 11:37:13 -0800},
	date-modified = {2021-11-28 11:37:23 -0800},
	journal = {Biometrika},
	pages = {933--944},
	title = {Some design properties of a rejective sampling procedure},
	volume = {96},
	year = {2009}}

@article{schochet2018design,
	author = {Schochet, P. Z.},
	date-added = {2021-11-28 11:36:35 -0800},
	date-modified = {2021-11-28 11:36:52 -0800},
	journal = {Journal of Educational and Behavioral Statistics},
	pages = {568--593},
	title = {{Design-based estimators for average treatment effects for multi-armed RCTs}},
	volume = {43},
	year = {2018}}

@article{negi2021revisiting,
	author = {Negi, A. and Wooldridge, J. M.},
	date-added = {2020-10-15 19:43:55 -0700},
	date-modified = {2021-07-26 12:15:29 -0700},
	journal = {Econometric Reviews},
	pages = {504--534},
	title = {Revisiting regression adjustment in experiments with heterogeneous treatment effects},
	volume = {40},
	year = {2021}}

@article{cdl,
	author = {Collins, L. M. and Dziak, J. J. and Li, R. Z.},
	journal = {Psychological methods},
	pages = {202--224},
	title = {Design of Experiments With Multiple Independent Variables: {A} Resource Management Perspective on Complete and Reduced Factorial Designs},
	volume = {14},
	year = {2009}}

@article{cb,
	author = {Chakraborty, B. and Collins, L. M. and Strecher, V. J. and Murphy, S. A.},
	journal = {Statistics in Medicine},
	pages = {2687--2708},
	title = {Developing multicomponent interventions using fractional factorial designs},
	volume = {28},
	year = {2009}}

@article{cox2007generalization,
	author = {Cox, D. R.},
	date-added = {2020-12-13 22:23:06 -0800},
	date-modified = {2020-12-13 22:23:22 -0800},
	journal = {Biometrika},
	pages = {755--759},
	title = {{On a generalization of a result of W. G. Cochran}},
	volume = {94},
	year = {2007}}

@article{kahan,
	author = {Kahan, B. C.},
	journal = {Statistics in Medicine},
	pages = {4540--4549},
	title = {Bias in randomised factorial trials},
	volume = {32},
	year = {2013}}

@article{blackwell,
	author = {Blackwell, M. and Pashley, N. E.},
	journal = {Journal of the American Statistical Association},
	title = {Noncompliance and instrumental variables for {$2^K$} factorial experiments},
	volume = {in press},
	year = {2021}}

@incollection{duflo,
	author = {Duflo, E. and Glennerster, R. and Kremer, M.},
	booktitle = {Handbook of Development Economics},
	chapter = {61},
	editor = {Schultz, T. P. and Strauss, J. A.},
	pages = {3895--3962},
	publisher = {Elsevier},
	title = {Using randomization in development economics research: {A} toolkit},
	volume = {4},
	year = {2007}}

@article{tsia,
	author = {Tsiatis, A. A. and Davidian, M. and Zhang, M. and Lu, X. M.},
	journal = {Statistics in Medicine},
	pages = {4658--4677},
	title = {Covariate adjustment for two-sample treatment comparisons in randomized clinical trials: {A} principled yet flexible approach},
	volume = {27},
	year = {2008}}

@article{branson,
	author = {Branson, Z. and Dasgupta, T. and Rubin, D. B.},
	journal = {The Annals of Applied Statistics},
	pages = {1958--1976},
	title = {{Improving covariate balance in $2^{K}$ factorial designs via rerandomization with an application to a {N}ew {Y}ork {C}ity {D}epartment of {E}ducation {H}igh {S}chool {S}tudy}},
	volume = {10},
	year = {2016}}

@article{jens,
	author = {Hainmueller, J. and Hopkins, D. J. and Yamamoto, T.},
	journal = {Political Analysis},
	pages = {1--30},
	title = {Causal inference in conjoint analysis: {U}nderstanding multidimensional choices via stated preference experiments},
	volume = {22},
	year = {2014}}

@book{box,
	author = {Box, G. E. P. and Hunter, J. S. and Hunter, G. W.},
	date-modified = {2021-11-07 15:28:31 -0800},
	edition = {2nd},
	publisher = {New York: Wiley},
	title = {Statistics for Experimenters: {D}esign, Innovation, and Discovery},
	year = {2005}}

@article{imai,
	author = {Egami, N. and Imai, K.},
	date-added = {2020-07-19 09:52:26 +0800},
	date-modified = {2020-12-19 22:28:32 -0800},
	journal = {Journal of the American Statistical Association},
	pages = {526--540},
	title = {Causal interaction in factorial experiments: {A}pplication to conjoint analysis},
	volume = {114},
	year = {2019}}

@article{Sinclair2012,
	author = {Sinclair, B. and McConnell, M. A. and Green, D. P.},
	journal = {American Journal of Political Science},
	pages = {1055-1069},
	title = {Detecting spillover effects: {D}esign and analysis of multilevel experiments},
	volume = {56},
	year = {2012}}

@article{karlan2014,
	author = {Karlan, D. and McConnell, M. A.},
	journal = {Journal of Economic Behavior and Organization},
	pages = {402-412},
	title = {Hey look at me: {T}he effect of giving circles on giving},
	volume = {106},
	year = {2014}}

@article{Chong,
	author = {Chong, A. and Gonzalez-Navarro, M. and Karlan, D. and Valdivia, M.},
	journal = {The World Bank Economic Review},
	pages = {371--392},
	title = {Do information technologies improve teenagers' sexual education? {E}vidence from a randomized evaluation in {C}olombia},
	volume = {34},
	year = {2020}}

@book{rao,
	author = {Rao, C. R.},
	edition = {2nd},
	publisher = {John Wiley \& Sons},
	title = {Linear Statistical Inference and its Applications},
	year = {1973}}

@book{hinkelmann,
	author = {Hinkelmann, K. and Kempthorne, O.},
	edition = {2nd},
	publisher = {John Wiley \& Sons},
	title = {Design and Analysis of Experiments: Introduction to Experimental Design},
	volume = {1},
	year = {2008}}

@article{ye,
	author = {Ye, T. and Shao, J. and Yi, Y. Y. and Zhao, Q. Y.},
	journal = {Technical report, arXiv},
	title = {Toward Better Practice of Covariate Adjustment in Analyzing Randomized Clinical Trials},
	year = {2021}}

@article{alsan,
	author = {Alsan, M. and Stanford, F. C. and Banerjee, A. and Breza, E. and Chandrasekhar, A. G. and Eichmeyer, S. and Goldsmith-Pinkham, P. and Ogbu-Nwobodo, L. and Olken, B. A. and Torres, C. and Sankar, A. and Vautrey, P.-L. and Duflo, E.},
	journal = {Annals of Internal Medicine},
	pages = {484--492},
	title = {Comparison of knowledge and information-seeking behavior after general {COVID}-19 public health messages and messages tailored for {B}lack and {L}atinx communities},
	volume = {174},
	year = {2021}}

@article{pten,
	author = {Fricano, C. J. and DeSpenza Jr., T. and Frazel, P. W. and Li, M. and O'Malley, J. A. and Westbrook, G. L. and Luikart, B. W.},
	journal = {Frontiers in Molecular Neuroscience},
	month = {April},
	title = {Fatty acids increase neuronal hypertrophy of {P}ten knockdown neurons},
	volume = {7},
	year = {2014}}

@article{torres,
	author = {Torres, C. and Ogbu-Nwobodo, L. and Alsan, M. and Stanford, F. C. and Banerjee, A. and Breza, E. and Chandrasekhar, A. G. and Eichmeyer, S. and Karnani, M. and Loisel, T. and Goldsmith-Pinkham, P. and Olken, B. A. and Vautrey, P.-L. and Warner, E. and Duflo, E. and COVID-19 Working Group},
	journal = {JAMA Network Open},
	pages = {e2117115--e2117115},
	title = {Effect of physician-delivered {COVID}-19 public health messages and messages acknowledging racial inequity on {B}lack and {W}hite adults' knowledge, beliefs, and practices related to {COVID}-19: {A} randomized clinical trial},
	volume = {4},
	year = {2021}}

@article{sherman,
	author = {Sherman, S.},
	journal = {The Annals of Mathematical Statistics},
	pages = {763--767},
	publisher = {Institute of Mathematical Statistics},
	title = {A theorem on convex sets with applications},
	volume = {26},
	year = {1955}}

@book{wh,
	author = {Wu, C. F. J. and Hamada, M.},
	publisher = {New York: John Wiley \& Sons},
	title = {Experiments: Planning, Analysis, and Optimization},
	year = {2009}}

@article{placebo,
	author = {M{\"u}tze, T. and Konietschke, F. and Munk, A. and Friede, T.},
	journal = {Statistics in Medicine},
	keywords = {non-inferiority, permutation test, three-arm trial, gold standard design, Wald-type test},
	pages = {883-898},
	title = {A studentized permutation test for three-arm trials in the `gold standard' design},
	volume = {36},
	year = {2017}}

@article{placebo2,
	author = {M{\"u}tze, T. and Friede, T.},
	journal = {Statistics in Medicine},
	pages = {3636-3653},
	title = {Blinded sample size re-estimation in three-arm trials with `gold standard' design},
	volume = {36},
	year = {2017}}

@article{meon,
	author = {Moen, E. L. and Fricano-Kugler, C. J. and Luikart, B. W. and O'Malley, A. J.},
	date-modified = {2021-04-22 17:42:15 -0700},
	journal = {PLoS ONE},
	pages = {e0146721-e0146721},
	title = {Analyzing Clustered Data: Why and How to Account for Multiple Observations Nested within a Study Participant},
	volume = {11},
	year = {2016}}

@article{greene,
	abstract = {We obtain expressions for the restricted least squares estimator and its covariance matrix in the classical regression model when the matrix of regressors is not necessarily of full rank. The standard expressions for the restricted least squares estimator are not usable in the short rank case because they rely on the unrestricted estimator. But, in the presence of restrictions, the restricted least squares estimator may be computable even if the unrestricted estimator is not. Our derivation produces some additional, useful algebraic results for least squares computation.},
	author = {Greene, W. H. and Seaks, T. G.},
	journal = {The Review of Economics and Statistics},
	pages = {563--567},
	title = {The Restricted Least Squares Estimator: A Pedagogical Note},
	volume = {73},
	year = {1991}}

@article{Karlan2007,
	author = {Karlan, D. and List, J. A.},
	journal = {American Economic Review},
	pages = {1774-1793},
	title = {Does Price Matter in Charitable Giving? {E}vidence from a Large-Scale Natural Field Experiment},
	volume = {97},
	year = {2007}}

@article{Olken2007,
	author = {Olken, B. A.},
	journal = {Journal of Political Economy},
	pages = {200--249},
	title = {Monitoring corruption: {E}vidence from a field experiment in {Indonesia}},
	volume = {115},
	year = {2007}}

@incollection{cox:1982,
	author = {Cox, D. R.},
	booktitle = {Statistics and Probability: Essays in Honor of C. R. Rao},
	date-added = {2021-03-07 20:39:45 -0800},
	date-modified = {2021-03-07 20:39:45 -0800},
	editor = {Kallianpur, G. and Krishnaiah, P. R. and Ghosh, J. K.},
	pages = {197--202},
	publisher = {North-Holland, Amsterdam},
	title = {Randomization and concomitant variables in the design of experiments},
	year = {1982}}

@article{cl,
	author = {Fogarty, C. B.},
	date-added = {2020-07-08 22:07:50 +0800},
	date-modified = {2020-07-08 22:08:36 +0800},
	journal = {Biometrika},
	title = {Regression assisted inference for the average treatment effect in paired experiments},
	year = {2018}}

@article{schur,
	author = {Styan, G. P. H.},
	date-added = {2020-07-07 16:58:15 +0800},
	date-modified = {2020-07-07 16:58:15 +0800},
	journal = {Linear algebra and its applications},
	title = {Hadamard Products and Multivariate Statistical Analysis},
	year = {1973}}

@article{IA,
	author = {Alberto, A. and Athey, S. and Imbens, G. W. and Wooldridge, J.},
	date-added = {2020-05-23 20:18:32 -0400},
	date-modified = {2020-05-23 20:19:32 -0400},
	journal = {National Bureau of Economic Research},
	title = {When Should You Adjust Standard Errors for Clustering?},
	year = {2020}}

@article{BF,
	author = {Basse, G. and Feller, A.},
	date-added = {2020-05-16 18:37:21 -0400},
	date-modified = {2020-05-16 18:37:53 -0400},
	journal = {Journal of the American Statistical Association},
	title = {Analyzing two-stage experiments in the presence of interference},
	year = {2018}}

@article{SSW,
	author = {S{\"a}rndal, C. and Swensson, B. and Wretman, J.},
	date-added = {2020-05-15 19:36:38 -0400},
	date-modified = {2020-05-15 19:37:40 -0400},
	journal = {Springer Series in Statistics},
	title = {Model Assisted Survey Sampling},
	year = {1992}}

@article{CR,
	author = {Cameron, A. and Miller, D.},
	date-added = {2020-05-14 20:49:38 -0400},
	date-modified = {2020-05-14 20:51:32 -0400},
	journal = {Journal of Human Resources},
	title = {A Practitioner's Guide to Cluster- Robust Inference},
	year = {2015}}

@article{LZ,
	author = {Liang, K. and Zeger, S.},
	date-added = {2020-05-14 20:47:35 -0400},
	date-modified = {2020-05-14 20:48:17 -0400},
	journal = {Biometrika},
	title = {Longitudinal Data Analysis Using Generalized Linear Models},
	year = {1986}}

@article{abadie2020sampling,
	author = {Abadie, A. and Athey, S. and Imbens, G. W. and Wooldridge, J. M.},
	date-added = {2021-04-22 17:07:06 -0700},
	date-modified = {2021-04-22 17:07:27 -0700},
	journal = {Econometrica},
	pages = {265--296},
	title = {Sampling-based versus design-based uncertainty in regression analysis},
	volume = {88},
	year = {2020}}

@misc{pashley2021causal,
	author = {Pashley, N. E. and Bind, M.-A. C.},
	journal = {Technical report, arXiv},
	title = {Causal inference for multiple treatments using fractional factorial designs},
	year = {2021}}

@article{ZDMD,
	author = {Zhao, A. and Ding, P. and Mukerjee, R. and Dasgupta, T.},
	journal = {The Annals of Statistics},
	title = {Randomization-based causal inference from split-plot designs},
	year = {2018}}

@article{ZC,
	author = {Imai, K. and Jiang, Z. and Malani, A.},
	date-added = {2020-05-14 20:34:04 -0400},
	date-modified = {2020-05-14 20:36:50 -0400},
	title = {Causal Inference with Interference and Noncompliance in Two-Stage Randomized Experiments},
	year = {2020}}

@article{MD,
	author = {Mukerjee, R. and Dasgupta, T.},
	date-added = {2020-05-14 19:45:42 -0400},
	date-modified = {2020-05-14 19:46:46 -0400},
	title = {Causal inference from possibly unbalanced split-plot designs: a randomization-based perspective},
	year = {2020}}

@article{morgan2012rerandomization,
	author = {Morgan, K. L. and Rubin, D. B.},
	date-added = {2020-05-06 16:29:35 -0700},
	date-modified = {2020-05-06 16:29:35 -0700},
	journal = {The Annals of Statistics},
	pages = {1263--1282},
	publisher = {Institute of Mathematical Statistics},
	title = {Rerandomization to improve covariate balance in experiments},
	volume = {40},
	year = {2012}}

@book{rosenberger2015randomization,
	author = {Rosenberger, W. F. and Lachin, J. M.},
	date-added = {2020-05-05 21:44:09 -0700},
	date-modified = {2020-05-05 21:44:09 -0700},
	publisher = {John Wiley \& Sons},
	title = {Randomization in Clinical Trials: Theory and Practice},
	year = {2015}}

@incollection{duflo2007using,
	author = {Duflo, E. and Glennerster, R. and Kremer, M.},
	booktitle = {Handbook of Development Econmics},
	chapter = {61},
	date-added = {2020-05-05 21:43:18 -0700},
	date-modified = {2020-05-05 21:43:18 -0700},
	editor = {T. P. Schultz, J. A. Strauss},
	journal = {Handbook of Development Economics},
	pages = {3895--3962},
	publisher = {Elsevier},
	title = {Using randomization in development economics research: A toolkit},
	volume = {4},
	year = {2007}}

@article{young2019channeling,
	author = {Young, Alwyn},
	date-added = {2020-05-05 21:39:19 -0700},
	date-modified = {2020-05-05 21:39:19 -0700},
	journal = {The Quarterly Journal of Economics},
	number = {2},
	pages = {557--598},
	publisher = {Oxford University Press},
	title = {Channeling fisher: Randomization tests and the statistical insignificance of seemingly significant experimental results},
	volume = {134},
	year = {2019}}

@article{gail1988tests,
	author = {Gail, M. H. and Tan, W.-Y. and Piantadosi, S.},
	date-added = {2020-05-05 21:20:50 -0700},
	date-modified = {2020-05-05 21:21:11 -0700},
	journal = {Biometrika},
	pages = {57--64},
	title = {Tests for no treatment effect in randomized clinical trials},
	volume = {75},
	year = {1988}}

@article{DS,
	author = {Su, F. and Ding, P.},
	date-added = {2020-04-29 14:41:45 -0400},
	date-modified = {2020-04-29 14:42:51 -0400},
	title = {Model-assisted analyses of cluster-randomized experiments},
	year = {2020}}

@article{Otto,
	author = {Ottoboni, K and Lewis, F and Salmaso, L},
	date-added = {2020-04-20 23:05:30 -0400},
	date-modified = {2020-04-20 23:08:27 -0400},
	journal = {Statistics in Biopharmaceutical Research},
	title = {An empirical comparison of parametric and permutation tests for regression analysis of randomized experiments},
	year = {2018}}

@article{colin,
	author = {Cohen, P. L. and Fogarty, C. B.},
	date-added = {2020-04-20 22:59:06 -0400},
	date-modified = {2020-04-20 23:02:50 -0400},
	journal = {preprint},
	title = {Gaussian prepivoting for finite population causal inference},
	year = {2020}}

@article{LD20,
	author = {Li, X. and Ding, P.},
	journal = {Journal of the Royal Statistical Society, Series B (Statistical Methodology)},
	pages = {241--268},
	title = {Rerandomization and Regression Adjustment},
	volume = {82},
	year = {2020}}

@techreport{pedulla,
	address = {https://doi.org/10.7910/DVN/4TTCEY},
	author = {Pedulla, D.},
	date-modified = {2020-12-28 18:08:30 -0800},
	institution = {Harvard Dataverse},
	title = {A Field Experiment of Race, Gender, and Parental Status Discrimination in the {United States}},
	year = {2020},
	bdsk-url-1 = {https://doi.org/10.7910/DVN/4TTCEY}}

@article{LD2018,
	author = {Li, X. and Ding, P. and Rubin, D. B.},
	journal = {Proceedings of the National Academy of Sciences},
	pages = {9157--9162},
	title = {Asymptotic theory of rerandomization in treatment-control experiments},
	volume = {115},
	year = {2018}}

@article{AOS,
	author = {Li, X. and Ding, P. and Rubin, D. B.},
	journal = {The Annals of Statistics},
	pages = {43--63},
	title = {Rerandomization in $2^{K}$ factorial experiments},
	volume = {48},
	year = {2020}}

@article{Freedman2008b,
	author = {Freedman, D. A.},
	journal = {Annals of Applied Statistics},
	pages = {176--196},
	title = {On regression adjustments in experiments with several treatments},
	volume = {2},
	year = {2008}}

@article{AngristStar09,
	author = {Angrist, J. and Lang, D. and Oropoulos, P.},
	date-modified = {2019-11-16 23:13:05 -0800},
	journal = {American Economic Journal: Applied Economics},
	owner = {wjasonu},
	pages = {136--163},
	timestamp = {2018.06.20},
	title = {Incentives and Services for College Achievement: {E}vidence from a Randomized Trial},
	volume = {1},
	year = {2009}}

@book{AngristEcon,
	author = {Angrist, Joshua D and Pischke, Jorn-Steffen},
	edition = {1},
	owner = {wjasonu},
	publisher = {Princeton University Press},
	timestamp = {2017.06.23},
	title = {Mostly Harmless Econometrics},
	year = {2009}}

@article{armitage1955tests,
	author = {Armitage, P.},
	date-added = {2019-06-03 23:07:12 -0700},
	date-modified = {2019-11-16 23:05:02 -0800},
	journal = {Biometrics},
	owner = {wjasonu},
	pages = {375--386},
	publisher = {JSTOR},
	timestamp = {2019.08.08},
	title = {Tests for linear trends in proportions and frequencies},
	volume = {11},
	year = {1955}}

@article{AronowVar14,
	author = {Aronow, P. M. and Green, D. P. and Lee, D. K.},
	date-modified = {2019-11-16 23:22:19 -0800},
	journal = {The Annals of Statistics},
	owner = {wjasonu},
	pages = {850--871},
	timestamp = {2019.11.14},
	title = {Sharp bounds on the variance in randomized experiments},
	volume = {42},
	year = {2014}}

@article{athey2015exact,
	author = {S. Athey and D. Eckles and G. W. Imbens},
	date-added = {2018-07-30 00:26:31 +0000},
	date-modified = {2018-09-10 17:35:57 -0700},
	journal = {Journal of the American Statistical Association},
	pages = {230--240},
	title = {Exact $P$-values for Network Interference},
	volume = {113},
	year = {2018}}

@article{babu1983inference,
	author = {Babu, G. J. and Singh, K.},
	date-added = {2018-07-15 22:31:03 +0000},
	date-modified = {2018-09-10 17:36:12 -0700},
	journal = {The Annals of Statistics},
	pages = {999--1003},
	title = {Inference on means using the bootstrap},
	volume = {11},
	year = {1983}}

@article{basse2017exact,
	author = {Basse, G. and Feller, A. and Toulis, P.},
	date-added = {2018-07-30 00:26:38 +0000},
	date-modified = {2019-11-16 19:57:44 -0800},
	journal = {Biometrika},
	pages = {487--494},
	title = {Randomization tests of causal effects under interference},
	volume = {106},
	year = {2019}}

@article{basu1980randomization,
	author = {Basu, D.},
	date-added = {2018-07-20 21:18:42 +0000},
	date-modified = {2018-09-10 17:36:43 -0700},
	journal = {Journal of the American Statistical Association},
	pages = {575--582},
	title = {Randomization Analysis of Experimental Data: The {Fisher} Randomization Test},
	volume = {75},
	year = {1980}}

@book{RO09,
	author = {Ben-Tal, Aharon and El Ghaoui, Laurent and Nemirovski, Arkadi},
	date-added = {2016-04-15 19:48:46 +0000},
	date-modified = {2016-04-15 19:49:26 +0000},
	publisher = {Princeton University Press},
	title = {Robust Optimization},
	year = {2009}}

@article{BenTal13,
	author = {Ben-Tal, Aharon and der Hertog, Dick and De Waegenaere, Anja and Melenberg, Bertrand and Rennen, Gijs},
	date-added = {2016-04-02 04:15:30 +0000},
	date-modified = {2016-04-02 04:19:05 +0000},
	journal = {Management Science},
	number = {2},
	pages = {341-57},
	title = {Robust Solutions of Optimization Problems Affected by Uncertain Probabilities},
	volume = {59},
	year = {2013}}

@article{NuisBoos94,
	author = {Berger, R. L. and Boos, D. D.},
	date-modified = {2018-09-10 17:54:31 -0700},
	journal = {Journal of the American Statistical Association},
	owner = {wjasonu},
	pages = {1012-6},
	timestamp = {2017.11.12},
	title = {P values maximized over a confidence set for the nuisance parameter},
	volume = {89},
	year = {1994}}

@article{LassoTE16,
	author = {Bloniarz, A. and Liu, H. Z. and Zhang, C. and Sekhon, J. and Yu, B.},
	date-modified = {2021-12-03 00:31:15 -0800},
	journal = {Proceedings of the National Academy of Sciences of the United States of America},
	pages = {7383-7390},
	title = {Lasso adjustments of treatment effect estimates in randomized experiments},
	volume = {113},
	year = {2016}}

@book{ConcBoucheron,
	author = {Boucheron, Stephane and Lugosi, Gabor and Massart, Pascal},
	owner = {wjasonu},
	publisher = {Oxford University Press},
	timestamp = {2018.01.23},
	title = {Concentration Inequalities: A Non-asymptotic Theory of Independence},
	year = {2016}}

@article{Box54,
	author = {Box, G.},
	date-modified = {2018-09-10 17:37:03 -0700},
	journal = {Annals of Mathematical Statistics},
	owner = {wjasonu},
	pages = {290-302},
	timestamp = {2017.09.13},
	title = {Some theorems on quadratic forms applied in the study of analysis of variance problems},
	volume = {25},
	year = {1954}}

@article{box1955permutation,
	author = {Box, G. E. P. and Andersen, S. L.},
	date-added = {2018-07-15 22:38:54 +0000},
	date-modified = {2019-11-16 23:15:11 -0800},
	journal = {Journal of the Royal Statistical Society, Series B (Methodological)},
	pages = {1--34},
	publisher = {JSTOR},
	title = {Permutation theory in the derivation of robust criteria and the study of departures from assumption},
	volume = {17},
	year = {1955}}

@book{boyd2004convex,
	author = {Boyd, Stephen and Vandenberghe, Lieven},
	date-added = {2018-08-19 22:48:48 +0000},
	date-modified = {2018-08-19 22:48:48 +0000},
	publisher = {Cambridge university press},
	title = {Convex optimization},
	year = {2004}}

@book{bradley1968distribution,
	author = {Bradley, J. V.},
	date-added = {2018-07-29 23:02:53 +0000},
	date-modified = {2019-11-16 19:58:04 -0800},
	publisher = {Upper Saddle River, NJ: Prentice Hall},
	title = {Distribution-Free Statistical Tests},
	year = {1968}}

@article{Brunner97,
	author = {Brunner, E. and Dette, H. and Munk, A.},
	date-modified = {2019-11-16 23:13:39 -0800},
	journal = {Journal of the American Statistical Association},
	owner = {wjasonu},
	pages = {1494--1502},
	timestamp = {2017.06.21},
	title = {Box-Type Approximations in Nonparametric Factorial Designs},
	volume = {92},
	year = {1997}}

@article{brunner2017rank,
	author = {Brunner, E. and Konietschke, F. and Pauly, M. and Puri, M. L.},
	date-added = {2018-07-15 23:01:38 +0000},
	date-modified = {2018-09-10 17:38:23 -0700},
	journal = {Journal of the Royal Statistical Society: Series B (Statistical Methodology)},
	pages = {1463--1485},
	title = {Rank-based procedures in factorial designs: hypotheses about non-parametric treatment effects},
	volume = {79},
	year = {2017}}

@article{brunner2001nonparametric,
	author = {Brunner, E. and Puri, M. L.},
	date-added = {2018-07-15 23:00:44 +0000},
	date-modified = {2018-09-10 17:38:06 -0700},
	journal = {Statistical Papers},
	pages = {1--52},
	publisher = {Springer},
	title = {Nonparametric methods in factorial designs},
	volume = {42},
	year = {2001}}

@article{CCLP06,
	author = {Calafiore, Giuseppe and El Ghaoui, Laurent},
	date-added = {2016-06-14 02:11:29 +0000},
	date-modified = {2016-06-14 02:14:08 +0000},
	journal = {Journal of Optimization Theory and Applications},
	number = {1},
	pages = {1-22},
	title = {On Distributionally Robust Chance-Constrained Linear Programs},
	volume = {130},
	year = {2006}}

@article{caughey2017beyond,
	author = {Caughey, D. and Dafoe, A. and Miratrix, L.},
	date-added = {2018-07-30 00:24:08 +0000},
	date-modified = {2018-09-10 17:39:47 -0700},
	journal = {arXiv preprint arXiv:1709.07339},
	title = {Beyond the Sharp Null: Randomization Inference, Bounded Null Hypotheses, and Confidence Intervals for Maximum Effects},
	year = {2017}}

@article{Charness09,
	author = {Charness, G. and Gneezy, U.},
	date-modified = {2019-11-16 23:13:58 -0800},
	journal = {Econometrica},
	owner = {wjasonu},
	pages = {909--931},
	timestamp = {2018.06.09},
	title = {Incentives to Exercise},
	volume = {77},
	year = {2009}}

@book{ChristensenLM,
	author = {Christensen, Ronald},
	edition = {4},
	owner = {wjasonu},
	publisher = {Springer},
	timestamp = {2017.06.23},
	title = {Plane Answers to Complex Questions},
	year = {2011}}

@article{Romano13,
	author = {Chung, E. and Romano, J. P.},
	date-modified = {2018-09-10 17:55:39 -0700},
	journal = {The Annals of Statistics},
	owner = {wjasonu},
	pages = {484-507},
	timestamp = {2017.03.19},
	title = {Exact and asymptotically robust permutation tests},
	volume = {41},
	year = {2013}}

@article{chung2016asymptotically,
	author = {Chung, E. and Romano, J. P.},
	date-added = {2018-07-15 23:03:00 +0000},
	date-modified = {2018-09-10 17:40:36 -0700},
	journal = {Journal of Statistical Planning and Inference},
	pages = {97--105},
	title = {Asymptotically valid and exact permutation tests based on two-sample $U$-statistics},
	volume = {168},
	year = {2016}}

@article{ManovaRomano16,
	author = {Chung, E. and Romano, J. P.},
	date-added = {2018-07-30 06:44:30 +0000},
	date-modified = {2019-11-16 19:58:42 -0800},
	journal = {Journal of Econometrics},
	pages = {76--91},
	title = {Multivariate and multiple permutation tests},
	volume = {193},
	year = {2016}}

@article{collier1966some,
	author = {Collier, R. O. and Baker, F. B.},
	date-added = {2018-07-15 22:34:49 +0000},
	date-modified = {2019-11-16 23:07:26 -0800},
	journal = {Biometrika},
	pages = {199--203},
	publisher = {JSTOR},
	title = {{Some Monte Carlo results on the power of the F-test under permutation in the simple randomized block design}},
	volume = {53},
	year = {1966}}

@article{DasFact15,
	author = {Dasgupta, T. and Pillai, N. and Rubin, D. B.},
	journal = {Journal of the Royal Statistical Society, Series B (Statistical Methodology)},
	owner = {wjasonu},
	pages = {727--753},
	title = {Causal inference from $2^{K}$ factorial designs by using potential outcomes},
	volume = {77},
	year = {2015}}

@article{Delage10,
	author = {Delage, Erick and Ye, Yinyu},
	date-added = {2016-06-14 01:40:44 +0000},
	date-modified = {2016-06-14 01:41:41 +0000},
	journal = {Operations Research},
	number = {3},
	pages = {595-612},
	title = {Distributionally Robust Optimization Under Moment Uncertainty with Application to Data-Driven Problems},
	volume = {58},
	year = {2010}}

@article{DingParadox,
	author = {Ding, P.},
	date-modified = {2019-11-16 23:15:44 -0800},
	journal = {Statistical Science},
	pages = {331--345},
	title = {A Paradox From Randomization-Based Causal Inference (with Discussion)},
	volume = {32},
	year = {2017}}

@article{wuanding2020jasa,
	author = {Wu, J. and Ding, P.},
	date-modified = {2020-05-05 23:33:23 -0700},
	journal = {Journal of the American Statistical Association},
	pages = {in press},
	title = {Randomization tests for weak null hypotheses in randomized experiments},
	volume = {105},
	year = {2020}}

@article{DD18,
	author = {Ding, P. and Dasgupta, T.},
	date-modified = {2018-09-10 17:41:37 -0700},
	journal = {Biometrika},
	owner = {wjasonu},
	pages = {45-56},
	timestamp = {2017.03.19},
	title = {A randomization-based perspective of analysis of variance: a test statistic robust to treatment effect heterogeneity},
	volume = {105},
	year = {2018}}

@article{DingTEV16,
	author = {Ding, P. and Feller, A. and Miratrix, L.},
	date-modified = {2018-09-10 17:59:41 -0700},
	journal = {Journal of the Royal Statistical Society, Series B (Statistical Methodology)},
	owner = {wjasonu},
	pages = {655--671},
	timestamp = {2017.07.19},
	title = {Randomization inference for treatment effect variation},
	volume = {78},
	year = {2016}}

@article{eden1933validity,
	author = {Eden, T. and Yates, F.},
	date-added = {2018-07-15 22:34:09 +0000},
	date-modified = {2019-11-16 19:59:07 -0800},
	journal = {The Journal of Agricultural Science},
	pages = {6--17},
	title = {{On the validity of Fisher's z test when applied to an actual example of non-normal data}},
	volume = {23},
	year = {1933}}

@article{efron1992bootstrap,
	author = {Efron, Bradley},
	booktitle = {Breakthroughs in statistics},
	date-added = {2018-08-02 18:10:46 -0700},
	date-modified = {2018-08-02 18:11:00 -0700},
	journal = {The Annals of Statistics},
	pages = {569--593},
	publisher = {Springer},
	title = {Bootstrap methods: another look at the jackknife},
	year = {1992}}

@article{espinosa2016bayesian,
	author = {Espinosa, Valeria and Dasgupta, Tirthankar and Rubin, Donald B},
	date-added = {2018-07-15 22:47:50 +0000},
	date-modified = {2018-07-15 22:47:57 +0000},
	journal = {Technometrics},
	pages = {62--73},
	title = {A Bayesian perspective on the analysis of unreplicated factorial experiments using potential outcomes},
	volume = {58},
	year = {2016}}

@book{FarawayLM,
	author = {Faraway, Julian J},
	date-added = {2018-08-20 01:52:32 +0000},
	date-modified = {2018-08-20 01:52:32 +0000},
	publisher = {Chapman and Hall/CRC},
	title = {Linear models with R},
	year = {2016}}

@book{Fisher35,
	author = {Fisher, R. A.},
	date-modified = {2018-09-10 17:44:09 -0700},
	edition = {1st},
	publisher = {Edinburgh, London: Oliver and Boyd},
	title = {The Design of Experiments},
	year = {1935}}

@book{Fisher25,
	author = {Fisher, R. A.},
	date-modified = {2018-09-10 17:44:14 -0700},
	owner = {wjasonu},
	publisher = {Edinburgh: Oliver and Boyd},
	timestamp = {2017.06.23},
	title = {Statistical Methods for Research Workers},
	year = {1925}}

@article{fogarty2018regression,
	author = {Fogarty, C. B.},
	journal = {Biometrika},
	pages = {994--1000},
	title = {Regression assisted inference for the average treatment effect in paired experiments},
	volume = {105},
	year = {2018}}

@article{fogarty2016studentized,
	author = {Fogarty, C. B.},
	date-added = {2018-08-01 15:19:02 -0700},
	date-modified = {2019-11-16 20:00:04 -0800},
	journal = {Journal of the American Statistical Association},
	pages = {in press},
	title = {Studentized sensitivity analysis for the sample average treatment effect in paired observational studies},
	year = {2019}}

@article{Freedman08a,
	author = {Freedman, D. A.},
	journal = {Advances in Applied Mathematics},
	pages = {180--193},
	publisher = {New York, Academic Press.},
	title = {On regression adjustments to experimental data},
	volume = {40},
	year = {2008}}

@article{LongFriedr17,
	author = {Friedrich, S. and Brunner, E. and Pauly, M.},
	date-added = {2018-07-15 22:54:21 +0000},
	date-modified = {2018-09-10 17:45:03 -0700},
	journal = {Journal of Multivariate Analysis},
	pages = {255--265},
	title = {Permuting longitudinal data in spite of the dependencies},
	volume = {153},
	year = {2017}}

@article{MatsFriedr18,
	author = {Friedrich, S. and Pauly, M.},
	date-added = {2018-07-15 22:52:59 +0000},
	date-modified = {2018-09-10 17:45:16 -0700},
	journal = {Journal of Multivariate Analysis},
	pages = {166--179},
	publisher = {Elsevier},
	title = {MATS: Inference for potentially singular and heteroscedastic MANOVA},
	volume = {165},
	year = {2018}}

@article{gail1996design,
	author = {Gail, M. H. and Mark, S. D. and Carroll, R. J. and Green, S. B. and Pee, D.},
	date-added = {2018-07-30 00:50:13 +0000},
	date-modified = {2018-09-10 17:45:37 -0700},
	journal = {Statistics in Medicine},
	pages = {1069--1092},
	publisher = {Wiley Online Library},
	title = {On design considerations and randomization-based inference for community intervention trials},
	volume = {15},
	year = {1996}}

@article{GM93,
	author = {Gallego, Guillermo and Moon, Ilkyeong},
	date-added = {2016-04-02 04:07:05 +0000},
	date-modified = {2016-04-02 04:12:48 +0000},
	journal = {The Journal of the Operational Research Society},
	month = {Aug},
	number = {8},
	pages = {825-34},
	title = {The Distribution Free Newsboy Problem: Review and Extesnsions},
	volume = {44},
	year = {1993}}

@book{gerber2012field,
	author = {Gerber, A. S. and Green, D. P.},
	date-added = {2018-07-30 00:04:08 +0000},
	date-modified = {2018-09-10 17:47:02 -0700},
	publisher = {New York: W. W. Norton and Company},
	title = {Field Experiments: Design, Analysis, and Interpretation},
	year = {2012}}

@article{hall1988theoretical,
	author = {Hall, P.},
	date-added = {2018-07-15 22:32:31 +0000},
	date-modified = {2018-09-10 17:47:16 -0700},
	journal = {The Annals of Statistics},
	pages = {927--953},
	publisher = {JSTOR},
	title = {Theoretical comparison of bootstrap confidence intervals},
	volume = {16},
	year = {1988}}

@book{MatrixHarville,
	author = {Harville, David A.},
	owner = {wjasonu},
	publisher = {Springer},
	timestamp = {2017.06.21},
	title = {Matrix Algebra From a Statistician's Perspective},
	year = {1997}}

@article{Stark95,
	author = {Hengartner, Nicolas W and Stark, Philip B},
	date-added = {2016-04-15 19:52:50 +0000},
	date-modified = {2016-04-15 19:53:33 +0000},
	journal = {The Annals of Statistics},
	number = {2},
	pages = {525-50},
	title = {Finite-Sample Confidence Envelopes for Shape-Restricted Densities},
	volume = {23},
	year = {1995}}

@article{hennessy2016conditional,
	author = {Hennessy, J. and Dasgupta, T. and Miratrix, L. and Pattanayak, C. and Sarkar, P.},
	date-added = {2018-07-24 23:42:14 +0000},
	date-modified = {2018-09-10 17:47:36 -0700},
	journal = {Journal of Causal Inference},
	pages = {61--80},
	title = {A conditional randomization test to account for covariate imbalance in randomized experiments},
	volume = {4},
	year = {2016}}

@article{HL63,
	author = {Hodges, J. L. and Lehmann, E. L.},
	date-modified = {2018-09-10 17:47:47 -0700},
	journal = {The Annals of Mathematical Statistics},
	owner = {wjasonu},
	pages = {598-611},
	timestamp = {2017.06.21},
	title = {Estimates of Location Based on Rank Tests},
	volume = {34},
	year = {1963}}

@article{hoeffding1952large,
	author = {Hoeffding, W.},
	date-added = {2018-07-15 22:38:17 +0000},
	date-modified = {2018-09-10 17:47:56 -0700},
	journal = {The Annals of Mathematical Statistics},
	pages = {169--192},
	title = {The large-sample power of tests based on permutations of observations},
	volume = {23},
	year = {1952}}

@article{HoltSmith,
	author = {Holt, D. and Smith, T. M. F.},
	date-added = {2018-07-24 23:45:54 +0000},
	date-modified = {2018-09-10 17:48:15 -0700},
	journal = {Journal of the Royal Statistical Society: Series A (General)},
	number = {1},
	pages = {33--46},
	publisher = {JSTOR},
	title = {Post Stratification},
	volume = {142},
	year = {1979}}

@article{Huber67,
	author = {Huber, P. J.},
	date-modified = {2019-11-16 23:16:20 -0800},
	journal = {Proceedings of the Fifth Berkeley Symposium on Mathematical Statistics and Probability},
	owner = {wjasonu},
	pages = {221--233},
	timestamp = {2017.06.23},
	title = {The behavior of maximum likelihood estimates under nonstandard conditions},
	volume = {1},
	year = {1967}}

@techreport{imbens2018causal,
	author = {Imbens, G. W. and Menzel, K.},
	date-added = {2018-07-30 03:44:02 +0000},
	date-modified = {2018-09-10 17:48:37 -0700},
	institution = {National Bureau of Economic Research},
	title = {A Causal Bootstrap},
	year = {2018}}

@book{CausalImbens,
	author = {Imbens, G. W. and Rubin, D. B.},
	date-modified = {2018-09-10 17:39:57 -0700},
	publisher = {Cambridge: Cambridge University Press},
	title = {Causal Inference for Statistics, Social, and Biomedical Sciences: An Introduction},
	year = {2015}}

@book{ISLR,
	author = {James, Gareth and Witten, Daniela and Hastie, Trevor and Tibshirani, Robert},
	owner = {wjasonu},
	publisher = {Springer},
	timestamp = {2019.08.08},
	title = {An Introduction to Statistical Learning with Applications in R},
	year = {2013}}

@article{janssen1999testing,
	author = {Janssen, A.},
	date-added = {2018-07-15 22:57:28 +0000},
	date-modified = {2018-09-10 17:48:57 -0700},
	journal = {Journal of Statistical Planning and Inference},
	pages = {71--93},
	publisher = {Elsevier},
	title = {Testing nonparametric statistical functionals with applications to rank tests},
	volume = {81},
	year = {1999}}

@article{Janssen97,
	author = {Janssen, A.},
	date-modified = {2018-09-10 17:48:52 -0700},
	journal = {Statistics and Probability Letters},
	owner = {wjasonu},
	pages = {9-21},
	timestamp = {2017.03.19},
	title = {Studentized permutation tests for non-iid hypotheses and the generalized Behrens-Fisher problem},
	volume = {36},
	year = {1997}}

@article{janssen2003bootstrap,
	author = {Janssen, A. and Pauls, T.},
	date-added = {2018-07-15 22:58:28 +0000},
	date-modified = {2018-09-10 17:49:06 -0700},
	journal = {The Annals of Statistics},
	pages = {768--806},
	publisher = {JSTOR},
	title = {How do bootstrap and permutation tests work?},
	volume = {31},
	year = {2003}}

@book{Keener,
	author = {Keener, Robert W.},
	owner = {wjasonu},
	publisher = {Springer},
	timestamp = {2017.06.21},
	title = {Theoretical Statistics: Topics for a Core Course},
	year = {2010}}

@book{theil,
	author = {Theil, H.},
	publisher = {New York: John Wiley \& Sons},
	title = {Principles of Econometrics},
	year = {1971}}

@book{kempthorne1952design,
	author = {Kempthorne, O.},
	date-added = {2018-07-29 23:04:28 +0000},
	date-modified = {2018-09-10 17:49:23 -0700},
	publisher = {New York: John Wiley \& Sons},
	title = {The Design and Analysis of Experiments},
	year = {1952}}

@article{kempthorne1969behaviour,
	author = {Kempthorne, O. and Doerfler, T. E.},
	date-added = {2018-07-29 23:39:54 +0000},
	date-modified = {2018-09-10 17:49:32 -0700},
	journal = {Biometrika},
	pages = {231--248},
	title = {The behaviour of some significance tests under experimental randomization},
	volume = {56},
	year = {1969}}

@article{Kon15,
	author = {Konietschke, F. and Bathke, A. C. and Harrar, S. W. and Pauly, M.},
	date-added = {2018-07-15 22:59:44 +0000},
	date-modified = {2018-09-10 17:49:57 -0700},
	journal = {Journal of Multivariate Analysis},
	pages = {291--301},
	publisher = {Elsevier},
	title = {Parametric and nonparametric bootstrap methods for general MANOVA},
	volume = {140},
	year = {2015}}

@article{Kubat,
	author = {Kubat, Miroslav and Matwin, Stan},
	date-added = {2016-05-05 20:10:52 +0000},
	date-modified = {2016-05-05 20:12:31 +0000},
	journal = {Proceedings of the 14th International Conference on Machine Learning},
	pages = {179-86},
	title = {Addressing the Curse of Imbalanced Training Sets: One-Sided Selection},
	year = {1997}}

@article{RMM02,
	author = {Lanckriet, Gert and El Ghaoui, Laurent and Bhattacharyya, Chiranjib and Jordan, Michael I},
	date-added = {2016-04-15 19:50:59 +0000},
	date-modified = {2016-04-15 19:52:14 +0000},
	journal = {Journal of Machine Learning Research},
	pages = {555-82},
	title = {A Robust Minimax Approach to Classification},
	volume = {3},
	year = {2002}}

@book{lehmann1975nonparametrics,
	author = {Lehmann, E. L.},
	date-added = {2018-07-29 23:23:59 +0000},
	date-modified = {2018-09-10 17:50:33 -0700},
	publisher = {San Francisco: Holden-Day, Inc.},
	title = {Nonparametrics: Statistical Methods Based on Ranks},
	year = {1975}}

@article{lei2018regression,
	author = {Lei, L. and Ding, P.},
	date-added = {2018-08-02 18:11:51 -0700},
	date-modified = {2021-12-03 00:30:14 -0800},
	journal = {Biometrika},
	title = {Regression adjustment in completely randomized experiments with a diverging number of covariates},
	year = {2021}}

@article{DingCLT,
	author = {Li, X. and Ding, P.},
	date-modified = {2019-11-16 23:08:13 -0800},
	journal = {Journal of the American Statistical Association},
	owner = {wjasonu},
	pages = {1759-1169},
	timestamp = {2017.03.19},
	title = {General forms of finite population central limit theorems with applications to causal inference},
	volume = {112},
	year = {2017}}

@article{li2016exact,
	author = {Li, X. and Ding, P.},
	date-added = {2018-07-30 00:30:34 +0000},
	date-modified = {2018-09-10 18:00:06 -0700},
	journal = {Statistics in Medicine},
	pages = {957--960},
	publisher = {Wiley Online Library},
	title = {Exact confidence intervals for the average causal effect on a binary outcome},
	volume = {35},
	year = {2016}}

@article{Lin13,
	author = {Lin, W.},
	date-modified = {2018-09-10 18:00:17 -0700},
	journal = {The Annals of Applied Statistics},
	owner = {wjasonu},
	pages = {295-318},
	timestamp = {2017.10.16},
	title = {Agnostic notes on regression adjustments to experimental data: {R}eexamining {F}reedman's critique},
	volume = {7},
	year = {2013}}

@article{lin2017placement,
	author = {Lin, W. and Halpern, S. D. and Prasad Kerlin, M. and Small, D. S.},
	date-added = {2018-07-30 00:50:18 +0000},
	date-modified = {2018-09-10 17:51:44 -0700},
	journal = {Statistical Methods in Medical Research},
	pages = {292--311},
	publisher = {SAGE Publications Sage UK: London, England},
	title = {A ``placement of death'' approach for studies of treatment effects on {ICU} length of stay},
	volume = {26},
	year = {2017}}

@article{loh2017apparent,
	author = {Loh, W. W. and Richardson, T. S. and Robins, J. M.},
	date-added = {2018-09-11 11:30:42 -0700},
	date-modified = {2018-09-11 11:31:03 -0700},
	journal = {Statistical Science},
	pages = {356--361},
	title = {An apparent paradox explained},
	volume = {32},
	year = {2017}}

@article{loughin1997permutation,
	author = {Loughin, Thomas M and Noble, William},
	date-added = {2018-07-15 22:47:07 +0000},
	date-modified = {2018-07-15 22:47:14 +0000},
	journal = {Technometrics},
	pages = {180--190},
	title = {A permutation test for effects in an unreplicated factorial design},
	volume = {39},
	year = {1997}}

@article{Lu16bFact,
	author = {Lu, J.},
	date-added = {2018-07-23 20:43:44 +0000},
	date-modified = {2018-09-10 17:52:02 -0700},
	journal = {Statistics and Probability Letters},
	pages = {72--78},
	publisher = {Elsevier},
	title = {On randomization-based and regression-based inferences for $2^{K}$ factorial designs},
	volume = {112},
	year = {2016}}

@article{lu2016covariate,
	author = {Lu, J.},
	date-added = {2018-07-30 22:56:07 +0000},
	date-modified = {2019-11-16 23:05:28 -0800},
	journal = {Statistics and Probability Letters},
	pages = {11--20},
	publisher = {Elsevier},
	title = {{Covariate adjustment in randomization-based causal inference for $2^{K}$ factorial designs}},
	volume = {119},
	year = {2016}}

@article{HCCM-85,
	author = {MacKinnon, James G and White, Halbert},
	journal = {Journal of Econometrics},
	number = {3},
	owner = {wjasonu},
	pages = {305-25},
	timestamp = {2019.08.08},
	title = {Some heteroskedasticity-Consistent Covariance Matrix estimators with improved finite sample properties},
	volume = {29},
	year = {1985}}

@article{middleton2018unified,
	author = {Middleton, J. A.},
	date-added = {2018-07-30 22:57:22 +0000},
	date-modified = {2018-09-10 17:52:14 -0700},
	journal = {arXiv preprint arXiv:1803.06011},
	title = {A Unified Theory of Regression Adjustment for Design-based Inference},
	year = {2018}}

@article{MiddletonCl15,
	author = {Middleton, J. A. and Aronow, P. M.},
	date-modified = {2018-09-10 17:35:46 -0700},
	journal = {Statistics, Politics and Policy},
	owner = {wjasonu},
	pages = {39-75},
	timestamp = {2017.07.02},
	title = {Unbiased Estimation of the Average Treatment Effect in Cluster-Randomized Experiments},
	volume = {6},
	year = {2015}}

@book{miller2005experimental,
	author = {Miller, Steve},
	date-added = {2018-07-29 23:05:06 +0000},
	date-modified = {2018-07-29 23:05:56 +0000},
	publisher = {London: Routledge},
	title = {Experimental Design and Statistics},
	year = {2005}}

@article{Lu2017OnRC,
	author = {Lu, J. and Deng, A.},
	journal = {Statistics and Probability Letters},
	pages = {99--103},
	title = {On randomization-based causal inference for matched-pair factorial designs},
	volume = {125},
	year = {2017}}

@article{PostStratYu,
	author = {Miratrix, L. and Sekhon, J. and Yu, B.},
	journal = {Journal of the Royal Statistical Society, Series B (Statistical Methodology)},
	pages = {369--396},
	title = {Adjusting treatment effect estimates by post-stratification in randomized experiments},
	volume = {75},
	year = {2013}}

@book{morris2010design,
	author = {Morris, M.},
	date-added = {2018-08-29 04:37:18 +0000},
	date-modified = {2018-09-10 17:53:17 -0700},
	publisher = {London: Chapman and Hall/CRC},
	title = {Design of Experiments: An Introduction Based on Linear Models},
	year = {2010}}

@article{rahul,
	author = {Mukerjee, R. and Dasgupta, T. and Rubin, D. B.},
	journal = {Journal of the American Statistical Association},
	pages = {868--881},
	title = {Using standard tools from finite population sampling to improve causal inference for complex experiments},
	volume = {113},
	year = {2018}}

@article{Mutze3arm,
	author = {Mutze, T. and Konietschke, F. and Munk, A. and Friede, T.},
	date-modified = {2019-11-16 23:08:37 -0800},
	journal = {Statistics in Medicine},
	owner = {wjasonu},
	pages = {883-898},
	timestamp = {2017.07.13},
	title = {A studentized permutation test for three-arm trials in the gold standard design},
	volume = {36},
	year = {2017}}

@article{neuhaus1993conditional,
	author = {Neuhaus, G.},
	date-added = {2018-07-15 22:57:10 +0000},
	date-modified = {2018-09-10 17:53:53 -0700},
	journal = {The Annals of Statistics},
	pages = {1760--1779},
	publisher = {JSTOR},
	title = {Conditional rank tests for the two-sample problem under random censorship},
	volume = {21},
	year = {1993}}

@article{Neyman23,
	author = {Neyman, J.},
	date-modified = {2020-05-03 23:44:16 -0700},
	journal = {Statistical Science},
	owner = {wjasonu},
	pages = {465--472},
	timestamp = {2017.06.21},
	title = {On the Application of Probability Theory to Agricultural Experiments},
	volume = {5},
	year = {1923}}

@article{neyman1935statistical,
	author = {Neyman, J.},
	date-added = {2018-07-30 21:36:58 -0700},
	date-modified = {2018-09-10 17:54:04 -0700},
	journal = {Supplement to the Journal of the Royal Statistical Society},
	pages = {107--180},
	title = {Statistical problems in agricultural experimentation (with discussion)},
	volume = {2},
	year = {1935}}

@article{Nolen:2011fk,
	author = {Nolen, T. L. and Hudgens, M. G.},
	date-added = {2018-07-30 00:29:13 +0000},
	date-modified = {2018-09-10 17:54:17 -0700},
	journal = {Journal of the American Statistical Association},
	pages = {581--593},
	title = {{Randomization-based inference within principal strata}},
	volume = {106},
	year = {2011}}

@article{page1963ordered,
	author = {Page, E. B.},
	date-added = {2019-06-03 23:08:02 -0700},
	date-modified = {2019-11-16 23:08:53 -0800},
	journal = {Journal of the American Statistical Association},
	owner = {wjasonu},
	pages = {216--230},
	timestamp = {2019.08.08},
	title = {Ordered hypotheses for multiple treatments: a significance test for linear ranks},
	volume = {58},
	year = {1963}}

@article{Pauly15,
	author = {Pauly, M. and Brunner, E. and Konietschke, F.},
	date-modified = {2019-11-16 23:18:14 -0800},
	journal = {Journal of the Royal Statistical Society, Series B (Statistical Methodology)},
	owner = {wjasonu},
	pages = {461--473},
	timestamp = {2017.03.19},
	title = {Asymptotic permutation tests in general factorial designs},
	volume = {77},
	year = {2015}}

@article{Roels08,
	author = {Perakis, Georgia and Roels, Guillaume},
	date-added = {2016-04-18 20:49:44 +0000},
	date-modified = {2016-04-18 20:50:43 +0000},
	journal = {Operations Research},
	number = {1},
	pages = {188-203},
	title = {Regret in the Newsvendor Model with Partial Information},
	volume = {56},
	year = {2008}}

@article{pitman1937significance,
	author = {Pitman, E. J. G.},
	date-added = {2018-07-15 22:35:29 +0000},
	date-modified = {2018-09-10 17:55:04 -0700},
	journal = {Supplement to the Journal of the Royal Statistical Society},
	pages = {119--130},
	title = {Significance tests which may be applied to samples from any populations},
	volume = {4},
	year = {1937}}

@article{Rigdon:2015,
	author = {Rigdon, J. and Hudgens, M. G.},
	date-added = {2018-07-30 00:28:15 +0000},
	date-modified = {2018-07-30 00:28:15 +0000},
	journal = {Statistics in Medicine},
	pages = {924--935},
	title = {Randomization inference for treatment effects on a binary outcome},
	volume = {34},
	year = {2015}}

@book{Rockafellar,
	author = {Rockafellar, R Tyrrell},
	date-added = {2016-04-02 03:55:57 +0000},
	date-modified = {2016-04-02 04:13:31 +0000},
	publisher = {Princeton University Press},
	title = {Convex Analysis},
	year = {1970}}

@article{Romano90,
	author = {Romano, J. P.},
	date-modified = {2019-11-16 23:09:09 -0800},
	journal = {Journal of the American Statistical Association},
	pages = {686--692},
	title = {On the behavior of randomization tests without a group invariance assumption},
	volume = {85},
	year = {1990}}

@article{Rosenbaum:2003en,
	author = {Rosenbaum, P. R.},
	date-added = {2018-07-30 00:19:58 +0000},
	date-modified = {2019-11-16 23:18:49 -0800},
	journal = {The American Statistician},
	pages = {132--138},
	title = {Exact Confidence Intervals for Nonconstant Effects by Inverting the Signed Rank Test},
	volume = {57},
	year = {2003}}

@article{CovAdjRosen02,
	author = {Rosenbaum, P. R.},
	date-added = {2018-07-30 23:00:22 +0000},
	date-modified = {2018-07-30 23:00:22 +0000},
	journal = {Statistical Science},
	pages = {286--327},
	publisher = {Institute of Mathematical Statistics},
	title = {Covariance adjustment in randomized experiments and observational studies},
	volume = {17},
	year = {2002}}

@book{ObsRosenbaum,
	author = {Rosenbaum, P. R.},
	date-modified = {2018-09-10 17:54:38 -0700},
	edition = {2},
	owner = {wjasonu},
	publisher = {New York: Springer},
	timestamp = {2017.06.21},
	title = {Observational Studies},
	year = {2002}}

@article{rosenbaum2001effects,
	author = {Rosenbaum, P. R.},
	date-added = {2018-07-30 00:19:58 +0000},
	date-modified = {2018-09-10 17:56:23 -0700},
	journal = {Biometrika},
	pages = {219--231},
	publisher = {Biometrika Trust},
	title = {Effects attributable to treatment: Inference in experiments and observational studies with a discrete pivot},
	volume = {88},
	year = {2001}}

@article{rosenbaum1999reduced,
	author = {Rosenbaum, P. R.},
	date-added = {2018-07-30 00:19:58 +0000},
	date-modified = {2018-09-10 17:56:11 -0700},
	journal = {Biometrics},
	pages = {560--564},
	publisher = {Wiley Online Library},
	title = {Reduced sensitivity to hidden bias at upper quantiles in observational studies with dilated treatment effects},
	volume = {55},
	year = {1999}}

@article{Rubin05,
	author = {Rubin, D. B.},
	date-modified = {2019-11-16 23:09:26 -0800},
	journal = {Journal of the American Statistical Association},
	owner = {wjasonu},
	pages = {322--331},
	timestamp = {2017.07.02},
	title = {Causal Inference Using Potential Outcomes: Design, Modeling, Decisions},
	volume = {100},
	year = {2005}}

@article{rubin1980comment,
	author = {Rubin, D. B.},
	date-added = {2018-07-20 21:15:35 +0000},
	date-modified = {2018-09-10 17:56:53 -0700},
	journal = {Journal of the American Statistical Association},
	pages = {591--593},
	title = {{Comment on D. Basu}},
	volume = {75},
	year = {1980}}

@article{Rubin74,
	author = {Rubin, D. B.},
	date-modified = {2018-09-10 17:56:44 -0700},
	journal = {Journal of Educational Psychology},
	owner = {wjasonu},
	pages = {688-701},
	timestamp = {2017.11.10},
	title = {Estimating causal effects of treatments in randomized and nonrandomized studies},
	volume = {66},
	year = {1974}}

@article{sabbaghi2014comments,
	author = {Sabbaghi, A. and Rubin, D. B.},
	date-added = {2018-07-30 21:38:32 -0700},
	date-modified = {2018-09-10 17:57:06 -0700},
	journal = {Statistical Science},
	pages = {267--284},
	title = {{Comments on the Neyman--Fisher controversy and its consequences}},
	volume = {29},
	year = {2014}}

@article{Samii12,
	author = {Samii, C. and Aronow, P. M.},
	date-modified = {2018-09-10 17:57:16 -0700},
	journal = {Statistics and Probability Letters},
	owner = {wjasonu},
	pages = {365-70},
	timestamp = {2018.06.09},
	title = {On equivalencies between design-based and regression-based variance estimators for randomized experiments},
	volume = {80},
	year = {2012}}

@article{Scarf,
	author = {Scarf, Herbert},
	date-added = {2016-04-15 20:11:49 +0000},
	date-modified = {2016-04-15 20:23:43 +0000},
	journal = {Studies in the Mathematical Theory of Inventory and Production},
	pages = {201-9},
	title = {A Min-max Solution of an Inventory Problem},
	year = {1958}}

@article{Schmid70,
	author = {Schmid, J.},
	journal = {The American Mathematical Monthly},
	owner = {wjasonu},
	pages = {998-9},
	timestamp = {2017.06.21},
	title = {A Remark on Characteristic Polynomials},
	volume = {77},
	year = {1970}}

@article{Schochet10,
	author = {Schochet, P. Z.},
	journal = {Journal of Statistical Planning and Inference},
	pages = {246--59},
	title = {Is regression adjustment supported by the {N}eyman model for causal inference?},
	volume = {140},
	year = {2010}}

@article{srivastava2013tests,
	author = {Srivastava, M. S. and Kubokawa, T.},
	date-added = {2018-07-15 22:53:45 +0000},
	date-modified = {2018-09-10 17:57:39 -0700},
	journal = {Journal of Multivariate Analysis},
	pages = {204--216},
	publisher = {Elsevier},
	title = {Tests for multivariate analysis of variance in high dimension under non-normality},
	volume = {115},
	year = {2013}}

@article{tukey1993tightening,
	author = {Tukey, J. W.},
	date-added = {2018-07-30 22:59:33 +0000},
	date-modified = {2018-09-10 17:57:48 -0700},
	journal = {Controlled Clinical Trials},
	pages = {266--285},
	publisher = {Elsevier},
	title = {Tightening the clinical trial},
	volume = {14},
	year = {1993}}

@article{umlauft2017rank,
	author = {Umlauft, M. and Konietschke, F. and Pauly, M.},
	date-added = {2018-07-15 23:02:16 +0000},
	date-modified = {2018-09-10 17:58:01 -0700},
	journal = {British Journal of Mathematical and Statistical Psychology},
	pages = {368--390},
	title = {Rank-based permutation approaches for non-parametric factorial designs},
	volume = {70},
	year = {2017}}

@article{Glynn15,
	author = {Wang, Zizhuo and Glynn, Peter W and Ye, Yinyu},
	date-added = {2016-04-15 19:44:20 +0000},
	date-modified = {2016-04-15 19:45:32 +0000},
	journal = {Computational Management Science},
	title = {Likelihood Robust Optimization for Data-driven Problems},
	year = {2015}}

@article{White80,
	author = {White, H.},
	date-modified = {2019-11-16 23:12:44 -0800},
	journal = {Econometrica},
	owner = {wjasonu},
	pages = {817--838},
	timestamp = {2017.06.23},
	title = {A Heteroskedasticity-Consistent Covariance Matrix Estimator and a Direct Test for Heteroskedasticity},
	volume = {48},
	year = {1980}}

@article{EVDI06,
	author = {Yue, Jinfeng and Chen, Bintong and Wang, Min-Chiang},
	date-added = {2016-04-16 05:43:07 +0000},
	date-modified = {2016-04-16 05:44:31 +0000},
	journal = {Operations Research},
	number = {6},
	pages = {1128-36},
	title = {Expected Value of Distribution Information for the Newsvendor Problem},
	volume = {54},
	year = {2006}}

@article{zheng2008multi,
	author = {Zheng, L. and Zelen, M.},
	date-added = {2018-07-24 23:41:40 +0000},
	date-modified = {2018-09-10 17:58:18 -0700},
	journal = {The Annals of Applied Statistics},
	pages = {582--600},
	publisher = {JSTOR},
	title = {Multi-center clinical trials: Randomization and ancillary statistics},
	volume = {2},
	year = {2008}}

@article{Zhu13,
	author = {Zhu, Zhisu and Zhang, Jiawei and Ye, Yinyu},
	date-added = {2016-06-14 02:09:06 +0000},
	date-modified = {2016-06-14 02:10:17 +0000},
	journal = {Optimization Methods and Software},
	number = {3},
	pages = {640-67},
	title = {Newsvendor Optimization with Limited Distribution Information},
	volume = {28},
	year = {2013}}

@article{ZDa,
	author = {Zhao, A. and Ding, P.},
	journal = {Biometrika},
	title = {Regression-based causal inference with factorial experiments: estimands, model specifications, and design-based properties},
	volume = {accepted},
	year = {2021}}

@article{ZDb,
	author = {Zhao, A. and Ding, P.},
	journal = {The Annals of Statistics},
	title = {Reconciling design-based and model-based causal inferences for split-plot experiments},
	volume = {accepted},
	year = {2021}}

@article{ZD_missingX,
	author = {Zhao, A. and Ding, P.},
	journal = {Technical report},
	title = {To adjust or not to adjust? {E}stimating the average treatment effect in randomized experiments with missing covariates},
	year = {2021}}

@article{Ding2019,
	author = {Ding, P. and Feller, A. and Miratrix, L.},
	journal = {Journal of the American Statistical Association},
	pages = {304--317},
	title = {Decomposing Treatment Effect Variation},
	volume = {114},
	year = {2019}}

@article{ZDfrt,
	author = {Zhao, A. and Ding, P.},
	journal = {Journal of Econometrics},
	pages = {278--294},
	title = {Covariate-adjusted {Fisher} randomization tests for the average treatment effect},
	volume = {225},
	year = {2021}}

@misc{Lee2014,
	address = {Chichester},
	author = {Soohyung Lee and Azeem M. Shaikh},
	journal = {Journal of applied econometrics},
	pages = {612-626},
	ppn_gvk = {798675381},
	publisher = {Wiley-Blackwell},
	subtitle = {Re-evaluating the effect of progresa on school enrollment},
	title = {Multiple testing and heterogeneous treatment effects},
	volume = {4},
	year = {2014}}
